%---------------------------------------------------------------------------%
%-                                                                         -%
%-                             Bibliography                                -%
%-                                                                         -%
%---------------------------------------------------------------------------%
@article{Kim2023,
  title = {Application of Human Brain Organoids—Opportunities and Challenges in Modeling Human Brain Development and Neurodevelopmental Diseases},
  volume = {24},
  ISSN = {1422-0067},
  url = {http://dx.doi.org/10.3390/ijms241512528},
  DOI = {10.3390/ijms241512528},
  number = {15},
  journal = {International Journal of Molecular Sciences},
  publisher = {MDPI AG},
  author = {Kim,  Soo-hyun and Chang,  Mi-Yoon},
  year = {2023},
  month = aug,
  pages = {12528}
}

@article{Kagan2022,
  title = {In vitro neurons learn and exhibit sentience when embodied in a simulated game-world},
  volume = {110},
  ISSN = {0896-6273},
  url = {http://dx.doi.org/10.1016/j.neuron.2022.09.001},
  DOI = {10.1016/j.neuron.2022.09.001},
  number = {23},
  journal = {Neuron},
  publisher = {Elsevier BV},
  author = {Kagan,  Brett J. and Kitchen,  Andy C. and Tran,  Nhi T. and Habibollahi,  Forough and Khajehnejad,  Moein and Parker,  Bradyn J. and Bhat,  Anjali and Rollo,  Ben and Razi,  Adeel and Friston,  Karl J.},
  year = {2022},
  month = dec,
  pages = {3952--3969.e8}
}

@article{Friston2010,
  title = {The free-energy principle: a unified brain theory?},
  volume = {11},
  ISSN = {1471-0048},
  url = {http://dx.doi.org/10.1038/nrn2787},
  DOI = {10.1038/nrn2787},
  number = {2},
  journal = {Nature Reviews Neuroscience},
  publisher = {Springer Science and Business Media LLC},
  author = {Friston,  Karl},
  year = {2010},
  month = jan,
  pages = {127–138}
}

@article{Wu2024,
  title = {Three-dimensional liquid metal-based neuro-interfaces for human hippocampal organoids},
  volume = {15},
  ISSN = {2041-1723},
  url = {http://dx.doi.org/10.1038/s41467-024-48452-5},
  DOI = {10.1038/s41467-024-48452-5},
  number = {1},
  journal = {Nature Communications},
  publisher = {Springer Science and Business Media LLC},
  author = {Wu,  Yan and Cheng,  Jinhao and Qi,  Jie and Hang,  Chen and Dong,  Ruihua and Low,  Boon Chuan and Yu,  Hanry and Jiang,  Xingyu},
  year = {2024},
  month = may 
}